%YAML 1.1
%TAG !u! tag:unity3d.com,2011:
--- !u!1 &1353205850442801333
GameObject:
  m_ObjectHideFlags: 0
  m_CorrespondingSourceObject: {fileID: 0}
  m_PrefabInstance: {fileID: 0}
  m_PrefabAsset: {fileID: 0}
  serializedVersion: 6
  m_Component:
  - component: {fileID: 8411514358260457651}
  - component: {fileID: 6316253590067992903}
  - component: {fileID: 2905483950973456929}
  - component: {fileID: 499955152434397740}
  m_Layer: 0
  m_Name: Platform
  m_TagString: Untagged
  m_Icon: {fileID: 0}
  m_NavMeshLayer: 0
  m_StaticEditorFlags: 0
  m_IsActive: 1
--- !u!4 &8411514358260457651
Transform:
  m_ObjectHideFlags: 0
  m_CorrespondingSourceObject: {fileID: 0}
  m_PrefabInstance: {fileID: 0}
  m_PrefabAsset: {fileID: 0}
  m_GameObject: {fileID: 1353205850442801333}
  m_LocalRotation: {x: -0.5, y: 0.5, z: 0.5, w: 0.5}
  m_LocalPosition: {x: 13.5, y: 8, z: 0}
  m_LocalScale: {x: 900, y: 100, z: 100}
  m_Children: []
  m_Father: {fileID: 9115544862827110771}
  m_RootOrder: 1
  m_LocalEulerAnglesHint: {x: -90, y: 0, z: 90}
--- !u!33 &6316253590067992903
MeshFilter:
  m_ObjectHideFlags: 0
  m_CorrespondingSourceObject: {fileID: 0}
  m_PrefabInstance: {fileID: 0}
  m_PrefabAsset: {fileID: 0}
  m_GameObject: {fileID: 1353205850442801333}
  m_Mesh: {fileID: 1149973307703454695, guid: 0297228e5592ee4469767e52793a7a15, type: 3}
--- !u!23 &2905483950973456929
MeshRenderer:
  m_ObjectHideFlags: 0
  m_CorrespondingSourceObject: {fileID: 0}
  m_PrefabInstance: {fileID: 0}
  m_PrefabAsset: {fileID: 0}
  m_GameObject: {fileID: 1353205850442801333}
  m_Enabled: 1
  m_CastShadows: 1
  m_ReceiveShadows: 1
  m_DynamicOccludee: 1
  m_MotionVectors: 1
  m_LightProbeUsage: 1
  m_ReflectionProbeUsage: 1
  m_RayTracingMode: 2
  m_RayTraceProcedural: 0
  m_RenderingLayerMask: 1
  m_RendererPriority: 0
  m_Materials:
  - {fileID: -3909472032132442858, guid: 0297228e5592ee4469767e52793a7a15, type: 3}
  - {fileID: 880774007180850119, guid: 0297228e5592ee4469767e52793a7a15, type: 3}
  m_StaticBatchInfo:
    firstSubMesh: 0
    subMeshCount: 0
  m_StaticBatchRoot: {fileID: 0}
  m_ProbeAnchor: {fileID: 0}
  m_LightProbeVolumeOverride: {fileID: 0}
  m_ScaleInLightmap: 1
  m_ReceiveGI: 1
  m_PreserveUVs: 0
  m_IgnoreNormalsForChartDetection: 0
  m_ImportantGI: 0
  m_StitchLightmapSeams: 1
  m_SelectedEditorRenderState: 3
  m_MinimumChartSize: 4
  m_AutoUVMaxDistance: 0.5
  m_AutoUVMaxAngle: 89
  m_LightmapParameters: {fileID: 0}
  m_SortingLayerID: 0
  m_SortingLayer: 0
  m_SortingOrder: 0
  m_AdditionalVertexStreams: {fileID: 0}
--- !u!65 &499955152434397740
BoxCollider:
  m_ObjectHideFlags: 0
  m_CorrespondingSourceObject: {fileID: 0}
  m_PrefabInstance: {fileID: 0}
  m_PrefabAsset: {fileID: 0}
  m_GameObject: {fileID: 1353205850442801333}
  m_Material: {fileID: 0}
  m_IsTrigger: 0
  m_Enabled: 1
  serializedVersion: 2
  m_Size: {x: 0.00997704, y: 0.030175034, z: 0.0051429793}
  m_Center: {x: 0, y: -0.0017819717, z: -0.00013749523}
--- !u!1 &2091401231276412967
GameObject:
  m_ObjectHideFlags: 0
  m_CorrespondingSourceObject: {fileID: 0}
  m_PrefabInstance: {fileID: 0}
  m_PrefabAsset: {fileID: 0}
  serializedVersion: 6
  m_Component:
  - component: {fileID: 9115544862827110771}
  m_Layer: 0
  m_Name: Environment
  m_TagString: Untagged
  m_Icon: {fileID: 0}
  m_NavMeshLayer: 0
  m_StaticEditorFlags: 0
  m_IsActive: 1
--- !u!4 &9115544862827110771
Transform:
  m_ObjectHideFlags: 0
  m_CorrespondingSourceObject: {fileID: 0}
  m_PrefabInstance: {fileID: 0}
  m_PrefabAsset: {fileID: 0}
  m_GameObject: {fileID: 2091401231276412967}
  m_LocalRotation: {x: -0, y: -0, z: -0, w: 1}
  m_LocalPosition: {x: 0, y: 0, z: 0}
  m_LocalScale: {x: 1, y: 1, z: 1}
  m_Children:
  - {fileID: 2658324546897761827}
  - {fileID: 8411514358260457651}
  - {fileID: 9091237721235311958}
  - {fileID: 1226042457685905112}
  - {fileID: 7593086137123857567}
  - {fileID: 5677780184497604345}
  - {fileID: 6979782308220446941}
  - {fileID: 121458416921468827}
  - {fileID: 4281430189856259877}
  - {fileID: 5824061853059243188}
  m_Father: {fileID: 78594551711788280}
  m_RootOrder: 0
  m_LocalEulerAnglesHint: {x: 0, y: 0, z: 0}
--- !u!1 &2747644768722539729
GameObject:
  m_ObjectHideFlags: 0
  m_CorrespondingSourceObject: {fileID: 0}
  m_PrefabInstance: {fileID: 0}
  m_PrefabAsset: {fileID: 0}
  serializedVersion: 6
  m_Component:
  - component: {fileID: 78594551711788280}
  m_Layer: 0
  m_Name: RoomInside0
  m_TagString: Untagged
  m_Icon: {fileID: 0}
  m_NavMeshLayer: 0
  m_StaticEditorFlags: 0
  m_IsActive: 1
--- !u!4 &78594551711788280
Transform:
  m_ObjectHideFlags: 0
  m_CorrespondingSourceObject: {fileID: 0}
  m_PrefabInstance: {fileID: 0}
  m_PrefabAsset: {fileID: 0}
  m_GameObject: {fileID: 2747644768722539729}
  m_LocalRotation: {x: 0, y: 0, z: 0, w: 1}
  m_LocalPosition: {x: 0, y: 0, z: 0}
  m_LocalScale: {x: 1, y: 1, z: 1}
  m_Children:
  - {fileID: 9115544862827110771}
  m_Father: {fileID: 0}
  m_RootOrder: 0
  m_LocalEulerAnglesHint: {x: 0, y: 0, z: 0}
--- !u!1 &4034216471550271238
GameObject:
  m_ObjectHideFlags: 0
  m_CorrespondingSourceObject: {fileID: 0}
  m_PrefabInstance: {fileID: 0}
  m_PrefabAsset: {fileID: 0}
  serializedVersion: 6
  m_Component:
  - component: {fileID: 7593086137123857567}
  - component: {fileID: 3377075107891698619}
  - component: {fileID: 4202936454296590468}
  - component: {fileID: 7309250325944303973}
  m_Layer: 0
  m_Name: Plattform
  m_TagString: Untagged
  m_Icon: {fileID: 0}
  m_NavMeshLayer: 0
  m_StaticEditorFlags: 0
  m_IsActive: 1
--- !u!4 &7593086137123857567
Transform:
  m_ObjectHideFlags: 0
  m_CorrespondingSourceObject: {fileID: 0}
  m_PrefabInstance: {fileID: 0}
  m_PrefabAsset: {fileID: 0}
  m_GameObject: {fileID: 4034216471550271238}
  m_LocalRotation: {x: -0.5, y: 0.5, z: 0.5, w: 0.5}
  m_LocalPosition: {x: -13.5, y: 8, z: 0}
  m_LocalScale: {x: 900, y: 100, z: 100}
  m_Children: []
  m_Father: {fileID: 9115544862827110771}
  m_RootOrder: 4
  m_LocalEulerAnglesHint: {x: -90, y: 0, z: 90}
--- !u!33 &3377075107891698619
MeshFilter:
  m_ObjectHideFlags: 0
  m_CorrespondingSourceObject: {fileID: 0}
  m_PrefabInstance: {fileID: 0}
  m_PrefabAsset: {fileID: 0}
  m_GameObject: {fileID: 4034216471550271238}
  m_Mesh: {fileID: 1149973307703454695, guid: 0297228e5592ee4469767e52793a7a15, type: 3}
--- !u!23 &4202936454296590468
MeshRenderer:
  m_ObjectHideFlags: 0
  m_CorrespondingSourceObject: {fileID: 0}
  m_PrefabInstance: {fileID: 0}
  m_PrefabAsset: {fileID: 0}
  m_GameObject: {fileID: 4034216471550271238}
  m_Enabled: 1
  m_CastShadows: 1
  m_ReceiveShadows: 1
  m_DynamicOccludee: 1
  m_MotionVectors: 1
  m_LightProbeUsage: 1
  m_ReflectionProbeUsage: 1
  m_RayTracingMode: 2
  m_RayTraceProcedural: 0
  m_RenderingLayerMask: 1
  m_RendererPriority: 0
  m_Materials:
  - {fileID: -3909472032132442858, guid: 0297228e5592ee4469767e52793a7a15, type: 3}
  - {fileID: 880774007180850119, guid: 0297228e5592ee4469767e52793a7a15, type: 3}
  m_StaticBatchInfo:
    firstSubMesh: 0
    subMeshCount: 0
  m_StaticBatchRoot: {fileID: 0}
  m_ProbeAnchor: {fileID: 0}
  m_LightProbeVolumeOverride: {fileID: 0}
  m_ScaleInLightmap: 1
  m_ReceiveGI: 1
  m_PreserveUVs: 0
  m_IgnoreNormalsForChartDetection: 0
  m_ImportantGI: 0
  m_StitchLightmapSeams: 1
  m_SelectedEditorRenderState: 3
  m_MinimumChartSize: 4
  m_AutoUVMaxDistance: 0.5
  m_AutoUVMaxAngle: 89
  m_LightmapParameters: {fileID: 0}
  m_SortingLayerID: 0
  m_SortingLayer: 0
  m_SortingOrder: 0
  m_AdditionalVertexStreams: {fileID: 0}
--- !u!65 &7309250325944303973
BoxCollider:
  m_ObjectHideFlags: 0
  m_CorrespondingSourceObject: {fileID: 0}
  m_PrefabInstance: {fileID: 0}
  m_PrefabAsset: {fileID: 0}
  m_GameObject: {fileID: 4034216471550271238}
  m_Material: {fileID: 0}
  m_IsTrigger: 0
  m_Enabled: 1
  serializedVersion: 2
  m_Size: {x: 0.00997704, y: 0.030175034, z: 0.0051429793}
  m_Center: {x: 0, y: -0.0017819717, z: -0.00013749523}
--- !u!1 &6700841107272991822
GameObject:
  m_ObjectHideFlags: 0
  m_CorrespondingSourceObject: {fileID: 0}
  m_PrefabInstance: {fileID: 0}
  m_PrefabAsset: {fileID: 0}
  serializedVersion: 6
  m_Component:
  - component: {fileID: 2658324546897761827}
  - component: {fileID: 4329732156377422958}
  - component: {fileID: 981929007222681921}
  - component: {fileID: 2121973034893196368}
  m_Layer: 0
  m_Name: Platform
  m_TagString: Untagged
  m_Icon: {fileID: 0}
  m_NavMeshLayer: 0
  m_StaticEditorFlags: 0
  m_IsActive: 1
--- !u!4 &2658324546897761827
Transform:
  m_ObjectHideFlags: 0
  m_CorrespondingSourceObject: {fileID: 0}
  m_PrefabInstance: {fileID: 0}
  m_PrefabAsset: {fileID: 0}
  m_GameObject: {fileID: 6700841107272991822}
  m_LocalRotation: {x: -0.5, y: 0.5, z: 0.5, w: 0.5}
  m_LocalPosition: {x: 13.5, y: 4, z: 0}
  m_LocalScale: {x: 900, y: 100, z: 100}
  m_Children: []
  m_Father: {fileID: 9115544862827110771}
  m_RootOrder: 0
  m_LocalEulerAnglesHint: {x: -90, y: 0, z: 90}
--- !u!33 &4329732156377422958
MeshFilter:
  m_ObjectHideFlags: 0
  m_CorrespondingSourceObject: {fileID: 0}
  m_PrefabInstance: {fileID: 0}
  m_PrefabAsset: {fileID: 0}
  m_GameObject: {fileID: 6700841107272991822}
  m_Mesh: {fileID: 1149973307703454695, guid: 0297228e5592ee4469767e52793a7a15, type: 3}
--- !u!23 &981929007222681921
MeshRenderer:
  m_ObjectHideFlags: 0
  m_CorrespondingSourceObject: {fileID: 0}
  m_PrefabInstance: {fileID: 0}
  m_PrefabAsset: {fileID: 0}
  m_GameObject: {fileID: 6700841107272991822}
  m_Enabled: 1
  m_CastShadows: 1
  m_ReceiveShadows: 1
  m_DynamicOccludee: 1
  m_MotionVectors: 1
  m_LightProbeUsage: 1
  m_ReflectionProbeUsage: 1
  m_RayTracingMode: 2
  m_RayTraceProcedural: 0
  m_RenderingLayerMask: 1
  m_RendererPriority: 0
  m_Materials:
  - {fileID: -3909472032132442858, guid: 0297228e5592ee4469767e52793a7a15, type: 3}
  - {fileID: 880774007180850119, guid: 0297228e5592ee4469767e52793a7a15, type: 3}
  m_StaticBatchInfo:
    firstSubMesh: 0
    subMeshCount: 0
  m_StaticBatchRoot: {fileID: 0}
  m_ProbeAnchor: {fileID: 0}
  m_LightProbeVolumeOverride: {fileID: 0}
  m_ScaleInLightmap: 1
  m_ReceiveGI: 1
  m_PreserveUVs: 0
  m_IgnoreNormalsForChartDetection: 0
  m_ImportantGI: 0
  m_StitchLightmapSeams: 1
  m_SelectedEditorRenderState: 3
  m_MinimumChartSize: 4
  m_AutoUVMaxDistance: 0.5
  m_AutoUVMaxAngle: 89
  m_LightmapParameters: {fileID: 0}
  m_SortingLayerID: 0
  m_SortingLayer: 0
  m_SortingOrder: 0
  m_AdditionalVertexStreams: {fileID: 0}
--- !u!65 &2121973034893196368
BoxCollider:
  m_ObjectHideFlags: 0
  m_CorrespondingSourceObject: {fileID: 0}
  m_PrefabInstance: {fileID: 0}
  m_PrefabAsset: {fileID: 0}
  m_GameObject: {fileID: 6700841107272991822}
  m_Material: {fileID: 0}
  m_IsTrigger: 0
  m_Enabled: 1
  serializedVersion: 2
  m_Size: {x: 0.00997704, y: 0.030175034, z: 0.0051429793}
  m_Center: {x: 0, y: -0.0017819717, z: -0.00013749523}
--- !u!1 &6718328172234192067
GameObject:
  m_ObjectHideFlags: 0
  m_CorrespondingSourceObject: {fileID: 0}
  m_PrefabInstance: {fileID: 0}
  m_PrefabAsset: {fileID: 0}
  serializedVersion: 6
  m_Component:
  - component: {fileID: 9091237721235311958}
  - component: {fileID: 6562905428733402264}
  - component: {fileID: 5058538020604726344}
  - component: {fileID: 3818444874663025763}
  m_Layer: 0
  m_Name: Platform
  m_TagString: Untagged
  m_Icon: {fileID: 0}
  m_NavMeshLayer: 0
  m_StaticEditorFlags: 0
  m_IsActive: 1
--- !u!4 &9091237721235311958
Transform:
  m_ObjectHideFlags: 0
  m_CorrespondingSourceObject: {fileID: 0}
  m_PrefabInstance: {fileID: 0}
  m_PrefabAsset: {fileID: 0}
  m_GameObject: {fileID: 6718328172234192067}
  m_LocalRotation: {x: -0.5, y: 0.5, z: 0.5, w: 0.5}
  m_LocalPosition: {x: 13.5, y: 12, z: 0}
  m_LocalScale: {x: 900, y: 100, z: 100}
  m_Children: []
  m_Father: {fileID: 9115544862827110771}
  m_RootOrder: 2
  m_LocalEulerAnglesHint: {x: -90, y: 0, z: 90}
--- !u!33 &6562905428733402264
MeshFilter:
  m_ObjectHideFlags: 0
  m_CorrespondingSourceObject: {fileID: 0}
  m_PrefabInstance: {fileID: 0}
  m_PrefabAsset: {fileID: 0}
  m_GameObject: {fileID: 6718328172234192067}
  m_Mesh: {fileID: 1149973307703454695, guid: 0297228e5592ee4469767e52793a7a15, type: 3}
--- !u!23 &5058538020604726344
MeshRenderer:
  m_ObjectHideFlags: 0
  m_CorrespondingSourceObject: {fileID: 0}
  m_PrefabInstance: {fileID: 0}
  m_PrefabAsset: {fileID: 0}
  m_GameObject: {fileID: 6718328172234192067}
  m_Enabled: 1
  m_CastShadows: 1
  m_ReceiveShadows: 1
  m_DynamicOccludee: 1
  m_MotionVectors: 1
  m_LightProbeUsage: 1
  m_ReflectionProbeUsage: 1
  m_RayTracingMode: 2
  m_RayTraceProcedural: 0
  m_RenderingLayerMask: 1
  m_RendererPriority: 0
  m_Materials:
  - {fileID: -3909472032132442858, guid: 0297228e5592ee4469767e52793a7a15, type: 3}
  - {fileID: 880774007180850119, guid: 0297228e5592ee4469767e52793a7a15, type: 3}
  m_StaticBatchInfo:
    firstSubMesh: 0
    subMeshCount: 0
  m_StaticBatchRoot: {fileID: 0}
  m_ProbeAnchor: {fileID: 0}
  m_LightProbeVolumeOverride: {fileID: 0}
  m_ScaleInLightmap: 1
  m_ReceiveGI: 1
  m_PreserveUVs: 0
  m_IgnoreNormalsForChartDetection: 0
  m_ImportantGI: 0
  m_StitchLightmapSeams: 1
  m_SelectedEditorRenderState: 3
  m_MinimumChartSize: 4
  m_AutoUVMaxDistance: 0.5
  m_AutoUVMaxAngle: 89
  m_LightmapParameters: {fileID: 0}
  m_SortingLayerID: 0
  m_SortingLayer: 0
  m_SortingOrder: 0
  m_AdditionalVertexStreams: {fileID: 0}
--- !u!65 &3818444874663025763
BoxCollider:
  m_ObjectHideFlags: 0
  m_CorrespondingSourceObject: {fileID: 0}
  m_PrefabInstance: {fileID: 0}
  m_PrefabAsset: {fileID: 0}
  m_GameObject: {fileID: 6718328172234192067}
  m_Material: {fileID: 0}
  m_IsTrigger: 0
  m_Enabled: 1
  serializedVersion: 2
  m_Size: {x: 0.00997704, y: 0.030175034, z: 0.0051429793}
  m_Center: {x: 0, y: -0.0017819717, z: -0.00013749523}
--- !u!1 &7599110612336178847
GameObject:
  m_ObjectHideFlags: 0
  m_CorrespondingSourceObject: {fileID: 0}
  m_PrefabInstance: {fileID: 0}
  m_PrefabAsset: {fileID: 0}
  serializedVersion: 6
  m_Component:
  - component: {fileID: 1226042457685905112}
  - component: {fileID: 720484053199991777}
  - component: {fileID: 896596151707421833}
  - component: {fileID: 5512918454750711379}
  m_Layer: 0
  m_Name: Plattform
  m_TagString: Untagged
  m_Icon: {fileID: 0}
  m_NavMeshLayer: 0
  m_StaticEditorFlags: 0
  m_IsActive: 1
--- !u!4 &1226042457685905112
Transform:
  m_ObjectHideFlags: 0
  m_CorrespondingSourceObject: {fileID: 0}
  m_PrefabInstance: {fileID: 0}
  m_PrefabAsset: {fileID: 0}
  m_GameObject: {fileID: 7599110612336178847}
  m_LocalRotation: {x: -0.5, y: 0.5, z: 0.5, w: 0.5}
  m_LocalPosition: {x: -13.5, y: 4, z: 0}
  m_LocalScale: {x: 900, y: 100, z: 100}
  m_Children: []
  m_Father: {fileID: 9115544862827110771}
  m_RootOrder: 3
  m_LocalEulerAnglesHint: {x: -90, y: 0, z: 90}
--- !u!33 &720484053199991777
MeshFilter:
  m_ObjectHideFlags: 0
  m_CorrespondingSourceObject: {fileID: 0}
  m_PrefabInstance: {fileID: 0}
  m_PrefabAsset: {fileID: 0}
  m_GameObject: {fileID: 7599110612336178847}
  m_Mesh: {fileID: 1149973307703454695, guid: 0297228e5592ee4469767e52793a7a15, type: 3}
--- !u!23 &896596151707421833
MeshRenderer:
  m_ObjectHideFlags: 0
  m_CorrespondingSourceObject: {fileID: 0}
  m_PrefabInstance: {fileID: 0}
  m_PrefabAsset: {fileID: 0}
  m_GameObject: {fileID: 7599110612336178847}
  m_Enabled: 1
  m_CastShadows: 1
  m_ReceiveShadows: 1
  m_DynamicOccludee: 1
  m_MotionVectors: 1
  m_LightProbeUsage: 1
  m_ReflectionProbeUsage: 1
  m_RayTracingMode: 2
  m_RayTraceProcedural: 0
  m_RenderingLayerMask: 1
  m_RendererPriority: 0
  m_Materials:
  - {fileID: -3909472032132442858, guid: 0297228e5592ee4469767e52793a7a15, type: 3}
  - {fileID: 880774007180850119, guid: 0297228e5592ee4469767e52793a7a15, type: 3}
  m_StaticBatchInfo:
    firstSubMesh: 0
    subMeshCount: 0
  m_StaticBatchRoot: {fileID: 0}
  m_ProbeAnchor: {fileID: 0}
  m_LightProbeVolumeOverride: {fileID: 0}
  m_ScaleInLightmap: 1
  m_ReceiveGI: 1
  m_PreserveUVs: 0
  m_IgnoreNormalsForChartDetection: 0
  m_ImportantGI: 0
  m_StitchLightmapSeams: 1
  m_SelectedEditorRenderState: 3
  m_MinimumChartSize: 4
  m_AutoUVMaxDistance: 0.5
  m_AutoUVMaxAngle: 89
  m_LightmapParameters: {fileID: 0}
  m_SortingLayerID: 0
  m_SortingLayer: 0
  m_SortingOrder: 0
  m_AdditionalVertexStreams: {fileID: 0}
--- !u!65 &5512918454750711379
BoxCollider:
  m_ObjectHideFlags: 0
  m_CorrespondingSourceObject: {fileID: 0}
  m_PrefabInstance: {fileID: 0}
  m_PrefabAsset: {fileID: 0}
  m_GameObject: {fileID: 7599110612336178847}
  m_Material: {fileID: 0}
  m_IsTrigger: 0
  m_Enabled: 1
  serializedVersion: 2
  m_Size: {x: 0.00997704, y: 0.030175034, z: 0.0051429793}
  m_Center: {x: 0, y: -0.0017819717, z: -0.00013749523}
--- !u!1 &8743109881248817581
GameObject:
  m_ObjectHideFlags: 0
  m_CorrespondingSourceObject: {fileID: 0}
  m_PrefabInstance: {fileID: 0}
  m_PrefabAsset: {fileID: 0}
  serializedVersion: 6
  m_Component:
  - component: {fileID: 5677780184497604345}
  - component: {fileID: 7822187879757265465}
  - component: {fileID: 1996879459968340074}
  - component: {fileID: 8057409733259600769}
  m_Layer: 0
  m_Name: Plattform
  m_TagString: Untagged
  m_Icon: {fileID: 0}
  m_NavMeshLayer: 0
  m_StaticEditorFlags: 0
  m_IsActive: 1
--- !u!4 &5677780184497604345
Transform:
  m_ObjectHideFlags: 0
  m_CorrespondingSourceObject: {fileID: 0}
  m_PrefabInstance: {fileID: 0}
  m_PrefabAsset: {fileID: 0}
  m_GameObject: {fileID: 8743109881248817581}
  m_LocalRotation: {x: -0.5, y: 0.5, z: 0.5, w: 0.5}
  m_LocalPosition: {x: -13.5, y: 12, z: 0}
  m_LocalScale: {x: 900, y: 100, z: 100}
  m_Children: []
  m_Father: {fileID: 9115544862827110771}
  m_RootOrder: 5
  m_LocalEulerAnglesHint: {x: -90, y: 0, z: 90}
--- !u!33 &7822187879757265465
MeshFilter:
  m_ObjectHideFlags: 0
  m_CorrespondingSourceObject: {fileID: 0}
  m_PrefabInstance: {fileID: 0}
  m_PrefabAsset: {fileID: 0}
  m_GameObject: {fileID: 8743109881248817581}
  m_Mesh: {fileID: 1149973307703454695, guid: 0297228e5592ee4469767e52793a7a15, type: 3}
--- !u!23 &1996879459968340074
MeshRenderer:
  m_ObjectHideFlags: 0
  m_CorrespondingSourceObject: {fileID: 0}
  m_PrefabInstance: {fileID: 0}
  m_PrefabAsset: {fileID: 0}
  m_GameObject: {fileID: 8743109881248817581}
  m_Enabled: 1
  m_CastShadows: 1
  m_ReceiveShadows: 1
  m_DynamicOccludee: 1
  m_MotionVectors: 1
  m_LightProbeUsage: 1
  m_ReflectionProbeUsage: 1
  m_RayTracingMode: 2
  m_RayTraceProcedural: 0
  m_RenderingLayerMask: 1
  m_RendererPriority: 0
  m_Materials:
  - {fileID: -3909472032132442858, guid: 0297228e5592ee4469767e52793a7a15, type: 3}
  - {fileID: 880774007180850119, guid: 0297228e5592ee4469767e52793a7a15, type: 3}
  m_StaticBatchInfo:
    firstSubMesh: 0
    subMeshCount: 0
  m_StaticBatchRoot: {fileID: 0}
  m_ProbeAnchor: {fileID: 0}
  m_LightProbeVolumeOverride: {fileID: 0}
  m_ScaleInLightmap: 1
  m_ReceiveGI: 1
  m_PreserveUVs: 0
  m_IgnoreNormalsForChartDetection: 0
  m_ImportantGI: 0
  m_StitchLightmapSeams: 1
  m_SelectedEditorRenderState: 3
  m_MinimumChartSize: 4
  m_AutoUVMaxDistance: 0.5
  m_AutoUVMaxAngle: 89
  m_LightmapParameters: {fileID: 0}
  m_SortingLayerID: 0
  m_SortingLayer: 0
  m_SortingOrder: 0
  m_AdditionalVertexStreams: {fileID: 0}
--- !u!65 &8057409733259600769
BoxCollider:
  m_ObjectHideFlags: 0
  m_CorrespondingSourceObject: {fileID: 0}
  m_PrefabInstance: {fileID: 0}
  m_PrefabAsset: {fileID: 0}
  m_GameObject: {fileID: 8743109881248817581}
  m_Material: {fileID: 0}
  m_IsTrigger: 0
  m_Enabled: 1
  serializedVersion: 2
  m_Size: {x: 0.00997704, y: 0.030175034, z: 0.0051429793}
  m_Center: {x: 0, y: -0.0017819717, z: -0.00013749523}
--- !u!1001 &2200485320640268762
PrefabInstance:
  m_ObjectHideFlags: 0
  serializedVersion: 2
  m_Modification:
    m_TransformParent: {fileID: 9115544862827110771}
    m_Modifications:
    - target: {fileID: -110094195729072137, guid: 7764afc32a2ac604d9da74d0c34ec472, type: 3}
      propertyPath: m_Size.x
      value: 0.03
      objectReference: {fileID: 0}
    - target: {fileID: -110094195729072137, guid: 7764afc32a2ac604d9da74d0c34ec472, type: 3}
      propertyPath: m_Size.y
      value: 0.1
      objectReference: {fileID: 0}
    - target: {fileID: -110094195729072137, guid: 7764afc32a2ac604d9da74d0c34ec472, type: 3}
      propertyPath: m_Size.z
      value: 0.03
      objectReference: {fileID: 0}
    - target: {fileID: -110094195729072137, guid: 7764afc32a2ac604d9da74d0c34ec472, type: 3}
      propertyPath: m_Center.y
      value: 0.05
      objectReference: {fileID: 0}
    - target: {fileID: -110094195729072137, guid: 7764afc32a2ac604d9da74d0c34ec472, type: 3}
      propertyPath: m_Center.z
      value: 0.015
      objectReference: {fileID: 0}
    - target: {fileID: 2730029850667153151, guid: 7764afc32a2ac604d9da74d0c34ec472, type: 3}
      propertyPath: m_RootOrder
      value: 8
      objectReference: {fileID: 0}
    - target: {fileID: 2730029850667153151, guid: 7764afc32a2ac604d9da74d0c34ec472, type: 3}
      propertyPath: m_LocalScale.x
      value: 100
      objectReference: {fileID: 0}
    - target: {fileID: 2730029850667153151, guid: 7764afc32a2ac604d9da74d0c34ec472, type: 3}
      propertyPath: m_LocalScale.y
      value: 100
      objectReference: {fileID: 0}
    - target: {fileID: 2730029850667153151, guid: 7764afc32a2ac604d9da74d0c34ec472, type: 3}
      propertyPath: m_LocalScale.z
      value: 100
      objectReference: {fileID: 0}
    - target: {fileID: 2730029850667153151, guid: 7764afc32a2ac604d9da74d0c34ec472, type: 3}
      propertyPath: m_LocalPosition.x
      value: -13.5
      objectReference: {fileID: 0}
    - target: {fileID: 2730029850667153151, guid: 7764afc32a2ac604d9da74d0c34ec472, type: 3}
      propertyPath: m_LocalPosition.y
      value: 0.5
      objectReference: {fileID: 0}
    - target: {fileID: 2730029850667153151, guid: 7764afc32a2ac604d9da74d0c34ec472, type: 3}
      propertyPath: m_LocalPosition.z
      value: 4.8
      objectReference: {fileID: 0}
    - target: {fileID: 2730029850667153151, guid: 7764afc32a2ac604d9da74d0c34ec472, type: 3}
      propertyPath: m_LocalRotation.w
      value: 0.7071068
      objectReference: {fileID: 0}
    - target: {fileID: 2730029850667153151, guid: 7764afc32a2ac604d9da74d0c34ec472, type: 3}
      propertyPath: m_LocalRotation.x
      value: -0.7071068
      objectReference: {fileID: 0}
    - target: {fileID: 2730029850667153151, guid: 7764afc32a2ac604d9da74d0c34ec472, type: 3}
      propertyPath: m_LocalRotation.y
      value: 0
      objectReference: {fileID: 0}
    - target: {fileID: 2730029850667153151, guid: 7764afc32a2ac604d9da74d0c34ec472, type: 3}
      propertyPath: m_LocalRotation.z
      value: 0
      objectReference: {fileID: 0}
    - target: {fileID: 2730029850667153151, guid: 7764afc32a2ac604d9da74d0c34ec472, type: 3}
      propertyPath: m_LocalEulerAnglesHint.x
      value: -90
      objectReference: {fileID: 0}
    - target: {fileID: 2730029850667153151, guid: 7764afc32a2ac604d9da74d0c34ec472, type: 3}
      propertyPath: m_LocalEulerAnglesHint.y
      value: 0
      objectReference: {fileID: 0}
    - target: {fileID: 2730029850667153151, guid: 7764afc32a2ac604d9da74d0c34ec472, type: 3}
      propertyPath: m_LocalEulerAnglesHint.z
      value: 0
      objectReference: {fileID: 0}
    - target: {fileID: 3362169135051713605, guid: 7764afc32a2ac604d9da74d0c34ec472, type: 3}
      propertyPath: m_Name
      value: DoorBottomLeft
      objectReference: {fileID: 0}
    m_RemovedComponents: []
  m_SourcePrefab: {fileID: 100100000, guid: 7764afc32a2ac604d9da74d0c34ec472, type: 3}
--- !u!4 &4281430189856259877 stripped
Transform:
  m_CorrespondingSourceObject: {fileID: 2730029850667153151, guid: 7764afc32a2ac604d9da74d0c34ec472, type: 3}
  m_PrefabInstance: {fileID: 2200485320640268762}
  m_PrefabAsset: {fileID: 0}
--- !u!1001 &2615608859010509156
PrefabInstance:
  m_ObjectHideFlags: 0
  serializedVersion: 2
  m_Modification:
    m_TransformParent: {fileID: 9115544862827110771}
    m_Modifications:
    - target: {fileID: -110094195729072137, guid: 7764afc32a2ac604d9da74d0c34ec472, type: 3}
      propertyPath: m_Size.x
      value: 0.03
      objectReference: {fileID: 0}
    - target: {fileID: -110094195729072137, guid: 7764afc32a2ac604d9da74d0c34ec472, type: 3}
      propertyPath: m_Size.y
      value: 0.1
      objectReference: {fileID: 0}
    - target: {fileID: -110094195729072137, guid: 7764afc32a2ac604d9da74d0c34ec472, type: 3}
      propertyPath: m_Size.z
      value: 0.03
      objectReference: {fileID: 0}
    - target: {fileID: -110094195729072137, guid: 7764afc32a2ac604d9da74d0c34ec472, type: 3}
      propertyPath: m_Center.y
      value: 0.05
      objectReference: {fileID: 0}
    - target: {fileID: -110094195729072137, guid: 7764afc32a2ac604d9da74d0c34ec472, type: 3}
      propertyPath: m_Center.z
      value: 0.015
      objectReference: {fileID: 0}
    - target: {fileID: 2730029850667153151, guid: 7764afc32a2ac604d9da74d0c34ec472, type: 3}
      propertyPath: m_RootOrder
      value: 7
      objectReference: {fileID: 0}
    - target: {fileID: 2730029850667153151, guid: 7764afc32a2ac604d9da74d0c34ec472, type: 3}
      propertyPath: m_LocalScale.x
      value: 100
      objectReference: {fileID: 0}
    - target: {fileID: 2730029850667153151, guid: 7764afc32a2ac604d9da74d0c34ec472, type: 3}
      propertyPath: m_LocalScale.y
      value: 100
      objectReference: {fileID: 0}
    - target: {fileID: 2730029850667153151, guid: 7764afc32a2ac604d9da74d0c34ec472, type: 3}
      propertyPath: m_LocalScale.z
      value: 100
      objectReference: {fileID: 0}
    - target: {fileID: 2730029850667153151, guid: 7764afc32a2ac604d9da74d0c34ec472, type: 3}
      propertyPath: m_LocalPosition.x
      value: 13.5
      objectReference: {fileID: 0}
    - target: {fileID: 2730029850667153151, guid: 7764afc32a2ac604d9da74d0c34ec472, type: 3}
      propertyPath: m_LocalPosition.y
      value: 12.25
      objectReference: {fileID: 0}
    - target: {fileID: 2730029850667153151, guid: 7764afc32a2ac604d9da74d0c34ec472, type: 3}
      propertyPath: m_LocalPosition.z
      value: 4.8
      objectReference: {fileID: 0}
    - target: {fileID: 2730029850667153151, guid: 7764afc32a2ac604d9da74d0c34ec472, type: 3}
      propertyPath: m_LocalRotation.w
      value: 0.7071068
      objectReference: {fileID: 0}
    - target: {fileID: 2730029850667153151, guid: 7764afc32a2ac604d9da74d0c34ec472, type: 3}
      propertyPath: m_LocalRotation.x
      value: -0.7071068
      objectReference: {fileID: 0}
    - target: {fileID: 2730029850667153151, guid: 7764afc32a2ac604d9da74d0c34ec472, type: 3}
      propertyPath: m_LocalRotation.y
      value: 0
      objectReference: {fileID: 0}
    - target: {fileID: 2730029850667153151, guid: 7764afc32a2ac604d9da74d0c34ec472, type: 3}
      propertyPath: m_LocalRotation.z
      value: 0
      objectReference: {fileID: 0}
    - target: {fileID: 2730029850667153151, guid: 7764afc32a2ac604d9da74d0c34ec472, type: 3}
      propertyPath: m_LocalEulerAnglesHint.x
      value: -90
      objectReference: {fileID: 0}
    - target: {fileID: 2730029850667153151, guid: 7764afc32a2ac604d9da74d0c34ec472, type: 3}
      propertyPath: m_LocalEulerAnglesHint.y
      value: 0
      objectReference: {fileID: 0}
    - target: {fileID: 2730029850667153151, guid: 7764afc32a2ac604d9da74d0c34ec472, type: 3}
      propertyPath: m_LocalEulerAnglesHint.z
      value: 0
      objectReference: {fileID: 0}
    - target: {fileID: 3362169135051713605, guid: 7764afc32a2ac604d9da74d0c34ec472, type: 3}
      propertyPath: m_Name
      value: DoorTopRight
      objectReference: {fileID: 0}
    m_RemovedComponents: []
  m_SourcePrefab: {fileID: 100100000, guid: 7764afc32a2ac604d9da74d0c34ec472, type: 3}
--- !u!4 &121458416921468827 stripped
Transform:
  m_CorrespondingSourceObject: {fileID: 2730029850667153151, guid: 7764afc32a2ac604d9da74d0c34ec472, type: 3}
  m_PrefabInstance: {fileID: 2615608859010509156}
  m_PrefabAsset: {fileID: 0}
--- !u!1001 &4989470140001377826
PrefabInstance:
  m_ObjectHideFlags: 0
  serializedVersion: 2
  m_Modification:
    m_TransformParent: {fileID: 9115544862827110771}
    m_Modifications:
    - target: {fileID: -110094195729072137, guid: 7764afc32a2ac604d9da74d0c34ec472, type: 3}
      propertyPath: m_Size.x
      value: 0.03
      objectReference: {fileID: 0}
    - target: {fileID: -110094195729072137, guid: 7764afc32a2ac604d9da74d0c34ec472, type: 3}
      propertyPath: m_Size.y
      value: 0.1
      objectReference: {fileID: 0}
    - target: {fileID: -110094195729072137, guid: 7764afc32a2ac604d9da74d0c34ec472, type: 3}
      propertyPath: m_Size.z
      value: 0.03
      objectReference: {fileID: 0}
    - target: {fileID: -110094195729072137, guid: 7764afc32a2ac604d9da74d0c34ec472, type: 3}
      propertyPath: m_Center.y
      value: 0.05
      objectReference: {fileID: 0}
    - target: {fileID: -110094195729072137, guid: 7764afc32a2ac604d9da74d0c34ec472, type: 3}
      propertyPath: m_Center.z
      value: 0.015
      objectReference: {fileID: 0}
    - target: {fileID: 2730029850667153151, guid: 7764afc32a2ac604d9da74d0c34ec472, type: 3}
      propertyPath: m_RootOrder
      value: 6
      objectReference: {fileID: 0}
    - target: {fileID: 2730029850667153151, guid: 7764afc32a2ac604d9da74d0c34ec472, type: 3}
      propertyPath: m_LocalScale.x
      value: 100
      objectReference: {fileID: 0}
    - target: {fileID: 2730029850667153151, guid: 7764afc32a2ac604d9da74d0c34ec472, type: 3}
      propertyPath: m_LocalScale.y
      value: 100
      objectReference: {fileID: 0}
    - target: {fileID: 2730029850667153151, guid: 7764afc32a2ac604d9da74d0c34ec472, type: 3}
      propertyPath: m_LocalScale.z
      value: 100
      objectReference: {fileID: 0}
    - target: {fileID: 2730029850667153151, guid: 7764afc32a2ac604d9da74d0c34ec472, type: 3}
      propertyPath: m_LocalPosition.x
      value: -13.5
      objectReference: {fileID: 0}
    - target: {fileID: 2730029850667153151, guid: 7764afc32a2ac604d9da74d0c34ec472, type: 3}
      propertyPath: m_LocalPosition.y
      value: 12.25
      objectReference: {fileID: 0}
    - target: {fileID: 2730029850667153151, guid: 7764afc32a2ac604d9da74d0c34ec472, type: 3}
      propertyPath: m_LocalPosition.z
      value: 4.8
      objectReference: {fileID: 0}
    - target: {fileID: 2730029850667153151, guid: 7764afc32a2ac604d9da74d0c34ec472, type: 3}
      propertyPath: m_LocalRotation.w
      value: 0.7071068
      objectReference: {fileID: 0}
    - target: {fileID: 2730029850667153151, guid: 7764afc32a2ac604d9da74d0c34ec472, type: 3}
      propertyPath: m_LocalRotation.x
      value: -0.7071068
      objectReference: {fileID: 0}
    - target: {fileID: 2730029850667153151, guid: 7764afc32a2ac604d9da74d0c34ec472, type: 3}
      propertyPath: m_LocalRotation.y
      value: 0
      objectReference: {fileID: 0}
    - target: {fileID: 2730029850667153151, guid: 7764afc32a2ac604d9da74d0c34ec472, type: 3}
      propertyPath: m_LocalRotation.z
      value: 0
      objectReference: {fileID: 0}
    - target: {fileID: 2730029850667153151, guid: 7764afc32a2ac604d9da74d0c34ec472, type: 3}
      propertyPath: m_LocalEulerAnglesHint.x
      value: -90
      objectReference: {fileID: 0}
    - target: {fileID: 2730029850667153151, guid: 7764afc32a2ac604d9da74d0c34ec472, type: 3}
      propertyPath: m_LocalEulerAnglesHint.y
      value: 0
      objectReference: {fileID: 0}
    - target: {fileID: 2730029850667153151, guid: 7764afc32a2ac604d9da74d0c34ec472, type: 3}
      propertyPath: m_LocalEulerAnglesHint.z
      value: 0
      objectReference: {fileID: 0}
    - target: {fileID: 3362169135051713605, guid: 7764afc32a2ac604d9da74d0c34ec472, type: 3}
      propertyPath: m_Name
      value: DoorTopLeft
      objectReference: {fileID: 0}
    m_RemovedComponents: []
  m_SourcePrefab: {fileID: 100100000, guid: 7764afc32a2ac604d9da74d0c34ec472, type: 3}
--- !u!4 &6979782308220446941 stripped
Transform:
  m_CorrespondingSourceObject: {fileID: 2730029850667153151, guid: 7764afc32a2ac604d9da74d0c34ec472, type: 3}
  m_PrefabInstance: {fileID: 4989470140001377826}
  m_PrefabAsset: {fileID: 0}
--- !u!1001 &8444313943769721419
PrefabInstance:
  m_ObjectHideFlags: 0
  serializedVersion: 2
  m_Modification:
    m_TransformParent: {fileID: 9115544862827110771}
    m_Modifications:
    - target: {fileID: -110094195729072137, guid: 7764afc32a2ac604d9da74d0c34ec472, type: 3}
      propertyPath: m_Size.x
      value: 0.03
      objectReference: {fileID: 0}
    - target: {fileID: -110094195729072137, guid: 7764afc32a2ac604d9da74d0c34ec472, type: 3}
      propertyPath: m_Size.y
      value: 0.1
      objectReference: {fileID: 0}
    - target: {fileID: -110094195729072137, guid: 7764afc32a2ac604d9da74d0c34ec472, type: 3}
      propertyPath: m_Size.z
      value: 0.03
      objectReference: {fileID: 0}
    - target: {fileID: -110094195729072137, guid: 7764afc32a2ac604d9da74d0c34ec472, type: 3}
      propertyPath: m_Center.y
      value: 0.05
      objectReference: {fileID: 0}
    - target: {fileID: -110094195729072137, guid: 7764afc32a2ac604d9da74d0c34ec472, type: 3}
      propertyPath: m_Center.z
      value: 0.015
      objectReference: {fileID: 0}
    - target: {fileID: 2730029850667153151, guid: 7764afc32a2ac604d9da74d0c34ec472, type: 3}
      propertyPath: m_RootOrder
      value: 9
      objectReference: {fileID: 0}
    - target: {fileID: 2730029850667153151, guid: 7764afc32a2ac604d9da74d0c34ec472, type: 3}
      propertyPath: m_LocalScale.x
      value: 100
      objectReference: {fileID: 0}
    - target: {fileID: 2730029850667153151, guid: 7764afc32a2ac604d9da74d0c34ec472, type: 3}
      propertyPath: m_LocalScale.y
      value: 100
      objectReference: {fileID: 0}
    - target: {fileID: 2730029850667153151, guid: 7764afc32a2ac604d9da74d0c34ec472, type: 3}
      propertyPath: m_LocalScale.z
      value: 100
      objectReference: {fileID: 0}
    - target: {fileID: 2730029850667153151, guid: 7764afc32a2ac604d9da74d0c34ec472, type: 3}
      propertyPath: m_LocalPosition.x
      value: 13.5
      objectReference: {fileID: 0}
    - target: {fileID: 2730029850667153151, guid: 7764afc32a2ac604d9da74d0c34ec472, type: 3}
      propertyPath: m_LocalPosition.y
      value: 0.5
      objectReference: {fileID: 0}
    - target: {fileID: 2730029850667153151, guid: 7764afc32a2ac604d9da74d0c34ec472, type: 3}
      propertyPath: m_LocalPosition.z
      value: 4.8
      objectReference: {fileID: 0}
    - target: {fileID: 2730029850667153151, guid: 7764afc32a2ac604d9da74d0c34ec472, type: 3}
      propertyPath: m_LocalRotation.w
      value: 0.7071068
      objectReference: {fileID: 0}
    - target: {fileID: 2730029850667153151, guid: 7764afc32a2ac604d9da74d0c34ec472, type: 3}
      propertyPath: m_LocalRotation.x
      value: -0.7071068
      objectReference: {fileID: 0}
    - target: {fileID: 2730029850667153151, guid: 7764afc32a2ac604d9da74d0c34ec472, type: 3}
      propertyPath: m_LocalRotation.y
      value: 0
      objectReference: {fileID: 0}
    - target: {fileID: 2730029850667153151, guid: 7764afc32a2ac604d9da74d0c34ec472, type: 3}
      propertyPath: m_LocalRotation.z
      value: 0
      objectReference: {fileID: 0}
    - target: {fileID: 2730029850667153151, guid: 7764afc32a2ac604d9da74d0c34ec472, type: 3}
      propertyPath: m_LocalEulerAnglesHint.x
      value: -90
      objectReference: {fileID: 0}
    - target: {fileID: 2730029850667153151, guid: 7764afc32a2ac604d9da74d0c34ec472, type: 3}
      propertyPath: m_LocalEulerAnglesHint.y
      value: 0
      objectReference: {fileID: 0}
    - target: {fileID: 2730029850667153151, guid: 7764afc32a2ac604d9da74d0c34ec472, type: 3}
      propertyPath: m_LocalEulerAnglesHint.z
      value: 0
      objectReference: {fileID: 0}
    - target: {fileID: 3362169135051713605, guid: 7764afc32a2ac604d9da74d0c34ec472, type: 3}
      propertyPath: m_Name
      value: DoorBottomRight
      objectReference: {fileID: 0}
    m_RemovedComponents: []
  m_SourcePrefab: {fileID: 100100000, guid: 7764afc32a2ac604d9da74d0c34ec472, type: 3}
--- !u!4 &5824061853059243188 stripped
Transform:
  m_CorrespondingSourceObject: {fileID: 2730029850667153151, guid: 7764afc32a2ac604d9da74d0c34ec472, type: 3}
  m_PrefabInstance: {fileID: 8444313943769721419}
  m_PrefabAsset: {fileID: 0}
